<record><leader>00000cas a22000007a 4500</leader><controlfield tag="001">14146623</controlfield><controlfield tag="008">860826c19819999pausr ne      0    0eng d</controlfield><datafield ind1=" " ind2=" " tag="010"><subfield code="a">sn 87080148 </subfield></datafield><datafield ind1=" " ind2=" " tag="040"><subfield code="a">PLF</subfield><subfield code="b">eng</subfield><subfield code="c">PLF</subfield><subfield code="d">NPH</subfield><subfield code="d">OCLCQ</subfield></datafield><datafield ind1=" " ind2=" " tag="042"><subfield code="a">msc</subfield></datafield><datafield ind1="0" ind2="4" tag="245"><subfield code="a">The Mt. Airy express.</subfield></datafield><datafield ind1="3" ind2="0" tag="246"><subfield code="a">Mount Airy express</subfield></datafield><datafield ind1=" " ind2=" " tag="260"><subfield code="a">Philadelphia, Pa. :</subfield><subfield code="b">East and West Mt. Airy Neighbors Association,</subfield><subfield code="c">1981-</subfield></datafield><datafield ind1=" " ind2=" " tag="300"><subfield code="a">v. :</subfield><subfield code="b">ill. ;</subfield><subfield code="c">44 cm.</subfield></datafield><datafield ind1=" " ind2=" " tag="310"><subfield code="a">Semimonthly,</subfield><subfield code="b">&lt;Oct. 15, 1987&gt;-</subfield></datafield><datafield ind1=" " ind2=" " tag="321"><subfield code="a">Monthly,</subfield><subfield code="b">Sept. 1981-&lt;Aug. 1987&gt;</subfield></datafield><datafield ind1="0" ind2=" " tag="362"><subfield code="a">Vol. 1, no. 1 (Sept. 1981)-</subfield></datafield><datafield ind1=" " ind2=" " tag="500"><subfield code="a">"A joint publication of East and West Mt. Airy Neighbors Associations."</subfield></datafield><datafield ind1="2" ind2=" " tag="710"><subfield code="a">East Mt. Airy Neighbors Association.</subfield></datafield><datafield ind1="2" ind2=" " tag="710"><subfield code="a">West Mt. Airy Neighbors Association.</subfield></datafield><datafield ind1=" " ind2=" " tag="752"><subfield code="a">United States</subfield><subfield code="b">Pennsylvania</subfield><subfield code="c">Philadelphia</subfield><subfield code="d">Philadelphia.</subfield></datafield><datafield ind1="1" ind2=" " tag="029"><subfield code="a">AU@</subfield><subfield code="b">000025811345</subfield></datafield></record>